<record><leader>00000cas a2200000 a 4500</leader><controlfield tag="001">40308649</controlfield><controlfield tag="008">981113d19191920vtuwr ne      0   a0eng c</controlfield><datafield ind1=" " ind2=" " tag="010"><subfield code="a">sn 98060188 </subfield></datafield><datafield ind1=" " ind2=" " tag="040"><subfield code="a">NVN</subfield><subfield code="b">eng</subfield><subfield code="c">NVN</subfield><subfield code="d">OCL</subfield><subfield code="d">OCLCQ</subfield><subfield code="d">NVN</subfield><subfield code="d">DLC</subfield><subfield code="d">NVN</subfield><subfield code="d">OCLCF</subfield><subfield code="d">DLC</subfield></datafield><datafield ind1="0" ind2=" " tag="022"><subfield code="a">2375-1932</subfield><subfield code="2">1</subfield></datafield><datafield ind1=" " ind2=" " tag="042"><subfield code="a">pcc</subfield><subfield code="a">nsdp</subfield></datafield><datafield ind1=" " ind2=" " tag="043"><subfield code="a">n-us-vt</subfield></datafield><datafield ind1="0" ind2="0" tag="050"><subfield code="a">Newspaper</subfield></datafield><datafield ind1="0" ind2="0" tag="082"><subfield code="a">071</subfield><subfield code="2">23</subfield></datafield><datafield ind1="0" ind2=" " tag="130"><subfield code="a">Weekly Caledonian (Saint Johnsbury, Vt.)</subfield></datafield><datafield ind1=" " ind2="0" tag="222"><subfield code="a">Weekly Caledonian</subfield><subfield code="b">(Saint Johnsbury, Vt. Print)</subfield></datafield><datafield ind1="1" ind2="0" tag="245"><subfield code="a">Weekly Caledonian.</subfield></datafield><datafield ind1="1" ind2="7" tag="246"><subfield code="a">Evening Caledonian</subfield></datafield><datafield ind1="1" ind2="7" tag="246"><subfield code="a">Caledonian-record</subfield></datafield><datafield ind1=" " ind2=" " tag="260"><subfield code="a">St. Johnsbury, Vt. :</subfield><subfield code="b">W.D. Peley Pub. Co.,</subfield><subfield code="c">1919-1920.</subfield></datafield><datafield ind1=" " ind2=" " tag="300"><subfield code="a">v.</subfield></datafield><datafield ind1=" " ind2=" " tag="310"><subfield code="a">Weekly</subfield></datafield><datafield ind1="0" ind2=" " tag="362"><subfield code="a">No. 4243 (Feb. 5, 1919)-83rd year, no. 4397 (Mar. 3, 1920).</subfield></datafield><datafield ind1=" " ind2=" " tag="530"><subfield code="a">Archived issues are available in digital format as part of the Library of Congress Chronicling America online collection.</subfield></datafield><datafield ind1=" " ind2="0" tag="651"><subfield code="a">Saint Johnsbury (Vt.)</subfield><subfield code="v">Newspapers.</subfield></datafield><datafield ind1=" " ind2="0" tag="651"><subfield code="a">Caledonia County (Vt.)</subfield><subfield code="v">Newspapers.</subfield></datafield><datafield ind1=" " ind2="0" tag="651"><subfield code="a">Vermont</subfield><subfield code="v">Newspapers.</subfield></datafield><datafield ind1=" " ind2="7" tag="651"><subfield code="a">Vermont.</subfield><subfield code="2">fast</subfield><subfield code="0">(OCoLC)fst01204305</subfield></datafield><datafield ind1=" " ind2="7" tag="651"><subfield code="a">Vermont</subfield><subfield code="z">Caledonia County.</subfield><subfield code="2">fast</subfield><subfield code="0">(OCoLC)fst01228924</subfield></datafield><datafield ind1=" " ind2="7" tag="651"><subfield code="a">Vermont</subfield><subfield code="z">Saint Johnsbury.</subfield><subfield code="2">fast</subfield><subfield code="0">(OCoLC)fst01226818</subfield></datafield><datafield ind1=" " ind2="7" tag="655"><subfield code="a">Newspapers.</subfield><subfield code="2">fast</subfield><subfield code="0">(OCoLC)fst01423814</subfield></datafield><datafield ind1=" " ind2=" " tag="752"><subfield code="a">United States</subfield><subfield code="b">Vermont</subfield><subfield code="c">Caledonia</subfield><subfield code="d">Saint Johnsbury.</subfield></datafield><datafield ind1="0" ind2="8" tag="776"><subfield code="i">Online version:</subfield><subfield code="t">Weekly Caledonian (Saint Johnsbury, Vt. : Online)</subfield><subfield code="x">2375-1940</subfield><subfield code="w">(DLC)  2014218616</subfield><subfield code="w">(OCoLC)891745163</subfield></datafield><datafield ind1="0" ind2="0" tag="780"><subfield code="t">St. Johnsbury Caledonian (1867)</subfield><subfield code="x">2331-7728</subfield><subfield code="w">(DLC)sn 84023253</subfield><subfield code="w">(OCoLC)10847923</subfield></datafield><datafield ind1="0" ind2="0" tag="785"><subfield code="t">St. Johnsbury Caledonian (1920)</subfield><subfield code="x">2375-1959</subfield><subfield code="w">(DLC)sn 98060189</subfield><subfield code="w">(OCoLC)40308695</subfield></datafield><datafield ind1="4" ind2="1" tag="856"><subfield code="u">http://chroniclingamerica.loc.gov/lccn/sn98060188/issues/</subfield></datafield><datafield ind1="1" ind2=" " tag="029"><subfield code="a">AU@</subfield><subfield code="b">000022801400</subfield></datafield></record>